@PREAMBLE{
 "\providecommand{\noopsort}[1]{}" 
 # "\providecommand{\singleletter}[1]{#1}%" 
}

@article{Abac:2023ujg,
    author = "Abac, Adrian and Dietrich, Tim and Buonanno, Alessandra and Steinhoff, Jan and Ujevic, Maximiliano",
    title = "{New and robust gravitational-waveform model for high-mass-ratio binary neutron star systems with dynamical tidal effects}",
    eprint = "2311.07456",
    archivePrefix = "arXiv",
    primaryClass = "gr-qc",
    doi = "10.1103/PhysRevD.109.024062",
    journal = "Phys. Rev. D",
    volume = "109",
    number = "2",
    pages = "024062",
    year = "2024"
}

@article{Wang:2025ckw,
    author = "Wang, Ziming and Hu, Zexin and Shao, Lijing",
    title = "{Rigorous Analytic Solution to the Gravitational-wave Overlapping Event Rates}",
    eprint = "2501.05218",
    archivePrefix = "arXiv",
    primaryClass = "gr-qc",
    doi = "10.3847/1538-4357/adfa1d",
    journal = "Astrophys. J.",
    volume = "991",
    number = "1",
    pages = "108",
    year = "2025"
}

@article{Johnson:2024foj,
    author = "Johnson, Aaron D. and Chatziioannou, Katerina and Farr, Will M.",
    title = "{Source confusion from neutron star binaries in ground-based gravitational wave detectors is minimal}",
    eprint = "2402.06836",
    archivePrefix = "arXiv",
    primaryClass = "gr-qc",
    doi = "10.1103/PhysRevD.109.084015",
    journal = "Phys. Rev. D",
    volume = "109",
    number = "8",
    pages = "084015",
    year = "2024"
}
@article{Reitze:2019iox,
    author = "Reitze, David and others",
    title = "{Cosmic Explorer: The U.S. Contribution to Gravitational-Wave Astronomy beyond LIGO}",
    eprint = "1907.04833",
    archivePrefix = "arXiv",
    primaryClass = "astro-ph.IM",
    reportNumber = "LIGO-P1900316",
    journal = "Bull. Am. Astron. Soc.",
    volume = "51",
    number = "7",
    pages = "035",
    year = "2019"
}

@article{Reitze:2019dyk,
    author = "Reitze, David and others",
    title = "{The US Program in Ground-Based Gravitational Wave Science: Contribution from the LIGO Laboratory}",
    eprint = "1903.04615",
    archivePrefix = "arXiv",
    primaryClass = "astro-ph.IM",
    journal = "Bull. Am. Astron. Soc.",
    volume = "51",
    pages = "141",
    month = "3",
    year = "2019"
}

@article{Punturo:2010zz,
    author = "Punturo, M. and others",
    editor = "Ricci, Fulvio",
    title = "{The Einstein Telescope: A third-generation gravitational wave observatory}",
    doi = "10.1088/0264-9381/27/19/194002",
    journal = "Class. Quant. Grav.",
    volume = "27",
    pages = "194002",
    year = "2010"
}

@article{Hild:2010id,
    author = "Hild, S. and others",
    title = "{Sensitivity Studies for Third-Generation Gravitational Wave Observatories}",
    eprint = "1012.0908",
    archivePrefix = "arXiv",
    primaryClass = "gr-qc",
    doi = "10.1088/0264-9381/28/9/094013",
    journal = "Class. Quant. Grav.",
    volume = "28",
    pages = "094013",
    year = "2011"
}

@article{Sathyaprakash:2012jk,
    author = "Sathyaprakash, B. and others",
    editor = "Hannam, Mark and Sutton, Patrick and Hild, Stefan and van den Broeck, Chris",
    title = "{Scientific Objectives of Einstein Telescope}",
    eprint = "1206.0331",
    archivePrefix = "arXiv",
    primaryClass = "gr-qc",
    doi = "10.1088/0264-9381/29/12/124013",
    journal = "Class. Quant. Grav.",
    volume = "29",
    pages = "124013",
    year = "2012",
    note = "[Erratum: Class.Quant.Grav. 30, 079501 (2013)]"
}

@article{Farrow:2019xnc,
    author = "Farrow, Nicholas and Zhu, Xing-Jiang and Thrane, Eric",
    title = "{The mass distribution of Galactic double neutron stars}",
    eprint = "1902.03300",
    archivePrefix = "arXiv",
    primaryClass = "astro-ph.HE",
    doi = "10.3847/1538-4357/ab12e3",
    journal = "Astrophys. J.",
    volume = "876",
    number = "1",
    pages = "18",
    year = "2019"
}

@article{LIGOScientific:2017vwq,
    author = "Abbott, B. P. and others",
    collaboration = "LIGO Scientific, Virgo",
    title = "{GW170817: Observation of Gravitational Waves from a Binary Neutron Star Inspiral}",
    eprint = "1710.05832",
    archivePrefix = "arXiv",
    primaryClass = "gr-qc",
    reportNumber = "LIGO-P170817",
    doi = "10.1103/PhysRevLett.119.161101",
    journal = "Phys. Rev. Lett.",
    volume = "119",
    number = "16",
    pages = "161101",
    year = "2017"
}

@article{LIGOScientific:2018hze,
    author = "Abbott, B. P. and others",
    collaboration = "LIGO Scientific, Virgo",
    title = "{Properties of the binary neutron star merger GW170817}",
    eprint = "1805.11579",
    archivePrefix = "arXiv",
    primaryClass = "gr-qc",
    doi = "10.1103/PhysRevX.9.011001",
    journal = "Phys. Rev. X",
    volume = "9",
    number = "1",
    pages = "011001",
    year = "2019"
}

@article{LIGOScientific:2018cki,
    author = "Abbott, B. P. and others",
    collaboration = "LIGO Scientific, Virgo",
    title = "{GW170817: Measurements of neutron star radii and equation of state}",
    eprint = "1805.11581",
    archivePrefix = "arXiv",
    primaryClass = "gr-qc",
    reportNumber = "LIGO-P1800115",
    doi = "10.1103/PhysRevLett.121.161101",
    journal = "Phys. Rev. Lett.",
    volume = "121",
    number = "16",
    pages = "161101",
    year = "2018"
}

@article{Yagi:2013awa,
    author = "Yagi, Kent and Yunes, Nicolas",
    title = "{I-Love-Q Relations in Neutron Stars and their Applications to Astrophysics, Gravitational Waves and Fundamental Physics}",
    eprint = "1303.1528",
    archivePrefix = "arXiv",
    primaryClass = "gr-qc",
    doi = "10.1103/PhysRevD.88.023009",
    journal = "Phys. Rev. D",
    volume = "88",
    number = "2",
    pages = "023009",
    year = "2013"
}

@article{Planck:2018vyg,
    author = "Aghanim, N. and others",
    collaboration = "Planck",
    title = "{Planck 2018 results. VI. Cosmological parameters}",
    eprint = "1807.06209",
    archivePrefix = "arXiv",
    primaryClass = "astro-ph.CO",
    doi = "10.1051/0004-6361/201833910",
    journal = "Astron. Astrophys.",
    volume = "641",
    pages = "A6",
    year = "2020",
    note = "[Erratum: Astron.Astrophys. 652, C4 (2021)]"
}

@article{LIGOScientific:2020aai,
    author = "Abbott, B. P. and others",
    collaboration = "LIGO Scientific, Virgo",
    title = "{GW190425: Observation of a Compact Binary Coalescence with Total Mass $\sim 3.4 M_{\odot}$}",
    eprint = "2001.01761",
    archivePrefix = "arXiv",
    primaryClass = "astro-ph.HE",
    reportNumber = "LIGO-P190425",
    doi = "10.3847/2041-8213/ab75f5",
    journal = "Astrophys. J. Lett.",
    volume = "892",
    number = "1",
    pages = "L3",
    year = "2020"
}

@article{Yagi:2013bca,
    author = "Yagi, Kent and Yunes, Nicolas",
    title = "{I-Love-Q}",
    eprint = "1302.4499",
    archivePrefix = "arXiv",
    primaryClass = "gr-qc",
    doi = "10.1126/science.1236462",
    journal = "Science",
    volume = "341",
    pages = "365--368",
    year = "2013"
}

@article{Lackey:2014fwa,
    author = "Lackey, Benjamin D. and Wade, Leslie",
    title = "{Reconstructing the neutron-star equation of state with gravitational-wave detectors from a realistic population of inspiralling binary neutron stars}",
    eprint = "1410.8866",
    archivePrefix = "arXiv",
    primaryClass = "gr-qc",
    doi = "10.1103/PhysRevD.91.043002",
    journal = "Phys. Rev. D",
    volume = "91",
    number = "4",
    pages = "043002",
    year = "2015"
}

@article{Thrane:2018qnx,
    author = "Thrane, Eric and Talbot, Colm",
    title = "{An introduction to Bayesian inference in gravitational-wave astronomy: parameter estimation, model selection, and hierarchical models}",
    eprint = "1809.02293",
    archivePrefix = "arXiv",
    primaryClass = "astro-ph.IM",
    doi = "10.1017/pasa.2019.2",
    journal = "Publ. Astron. Soc. Austral.",
    volume = "36",
    pages = "e010",
    year = "2019",
    note = "[Erratum: Publ.Astron.Soc.Austral. 37, e036 (2020)]"
}

@article{Golomb:2021tll,
    author = "Golomb, Jacob and Talbot, Colm",
    title = "{Hierarchical Inference of Binary Neutron Star Mass Distribution and Equation of State with Gravitational Waves}",
    eprint = "2106.15745",
    archivePrefix = "arXiv",
    primaryClass = "astro-ph.HE",
    doi = "10.3847/1538-4357/ac43bc",
    journal = "Astrophys. J.",
    volume = "926",
    number = "1",
    pages = "79",
    year = "2022"
}

@article{Wang:2024xon,
    author = "Wang, Ziming and Gao, Yong and Liang, Dicong and Zhao, Junjie and Shao, Lijing",
    title = "{Vetting quark-star models with gravitational waves in the hierarchical Bayesian framework}",
    eprint = "2409.11103",
    archivePrefix = "arXiv",
    primaryClass = "astro-ph.HE",
    doi = "10.1088/1475-7516/2024/11/038",
    journal = "JCAP",
    volume = "11",
    pages = "038",
    year = "2024"
}

@article{Samajdar:2020xrd,
    author = "Samajdar, Anuradha and Dietrich, Tim",
    title = "{Constructing Love-Q-Relations with Gravitational Wave Detections}",
    eprint = "2002.07918",
    archivePrefix = "arXiv",
    primaryClass = "gr-qc",
    doi = "10.1103/PhysRevD.101.124014",
    journal = "Phys. Rev. D",
    volume = "101",
    number = "12",
    pages = "124014",
    year = "2020"
}

@article{Shao:2022koz,
    author = "Shao, Lijing and Yagi, Kent",
    title = "{Neutron stars as extreme laboratories for gravity tests}",
    eprint = "2209.03351",
    archivePrefix = "arXiv",
    primaryClass = "gr-qc",
    doi = "10.1016/j.scib.2022.09.018",
    journal = "Sci. Bull.",
    volume = "67",
    pages = "1946--1949",
    year = "2022"
}

@article{Finn:1992wt,
    author = "Finn, Lee S.",
    title = "{Detection, measurement and gravitational radiation}",
    eprint = "gr-qc/9209010",
    archivePrefix = "arXiv",
    reportNumber = "PRINT-93-0128 (NORTHWESTERN)",
    doi = "10.1103/PhysRevD.46.5236",
    journal = "Phys. Rev. D",
    volume = "46",
    pages = "5236--5249",
    year = "1992"
}

@article{Christensen:1998gf,
    author = "Christensen, Nelson and Meyer, Renate",
    title = "{Markov chain Monte Carlo methods for Bayesian gravitational radiation data analysis}",
    doi = "10.1103/PhysRevD.58.082001",
    journal = "Phys. Rev. D",
    volume = "58",
    pages = "082001",
    year = "1998"
}

@article{Christensen:2004jm,
    author = "Christensen, Nelson and Dupuis, Rejean J. and Woan, Graham and Meyer, Renate",
    title = "{A Metropolis-Hastings algorithm for extracting periodic gravitational wave signals from laser interferometric detector data}",
    eprint = "gr-qc/0402038",
    archivePrefix = "arXiv",
    doi = "10.1103/PhysRevD.70.022001",
    journal = "Phys. Rev. D",
    volume = "70",
    pages = "022001",
    year = "2004"
}

@article{Skilling:2004pqw,
    author = "Skilling, John",
    title = "{Nested Sampling}",
    doi = "10.1063/1.1835238",
    journal = "AIP Conf. Proc.",
    volume = "735",
    number = "1",
    pages = "395",
    year = "2004"
}

@article{Skilling:2006gxv,
    author = "Skilling, John",
    title = "{Nested sampling for general Bayesian computation}",
    doi = "10.1214/06-BA127",
    journal = "Bayesian Analysis",
    volume = "1",
    number = "4",
    pages = "833--859",
    year = "2006"
}

@article{Talbot:2020oeu,
    author = "Talbot, Colm and Thrane, Eric",
    title = "{Flexible and Accurate Evaluation of Gravitational-wave Malmquist Bias with Machine Learning}",
    eprint = "2012.01317",
    archivePrefix = "arXiv",
    primaryClass = "gr-qc",
    doi = "10.3847/1538-4357/ac4bc0",
    journal = "Astrophys. J.",
    volume = "927",
    number = "1",
    pages = "76",
    year = "2022"
}

@article{Ashton:2018jfp,
    author = "Ashton, Gregory and others",
    title = "{BILBY: A user-friendly Bayesian inference library for gravitational-wave astronomy}",
    eprint = "1811.02042",
    archivePrefix = "arXiv",
    primaryClass = "astro-ph.IM",
    doi = "10.3847/1538-4365/ab06fc",
    journal = "Astrophys. J. Suppl.",
    volume = "241",
    number = "2",
    pages = "27",
    year = "2019"
}

@misc{michael_j_williams_2025_14627250,
  author       = {Michael J. Williams and
                  John Veitch and
                  Christian Chapman-Bird and
                  Rodrigo Tenorio},
  title        = {mj-will/nessai: v0.14.0.post0},
  month        = jan,
  year         = 2025,
  publisher    = {Zenodo},
  version      = {v0.14.0.post0},
  doi          = {10.5281/zenodo.14627250},
  url          = {https://doi.org/10.5281/zenodo.14627250},
  swhid        = {swh:1:dir:ae2037e7cb76f591369176a71050bd004df924e6
                   ;origin=https://doi.org/10.5281/zenodo.4550693;vis
                   it=swh:1:snp:8f8ac8670dae944ff7592b529f6fa3b7f46aa
                   77a;anchor=swh:1:rel:f3f0a0e23734b308ae41bd3d44d71
                   feffbefb2fe;path=mj-will-nessai-b4662fb
                  },
}

@article{PhysRevD.103.103006,
  title = {Nested sampling with normalizing flows for gravitational-wave inference},
  author = {Williams, Michael J. and Veitch, John and Messenger, Chris},
  journal = {Phys. Rev. D},
  volume = {103},
  issue = {10},
  pages = {103006},
  numpages = {19},
  year = {2021},
  month = {May},
  publisher = {American Physical Society},
  doi = {10.1103/PhysRevD.103.103006},
  url = {https://link.aps.org/doi/10.1103/PhysRevD.103.103006}
}

@article{Williams:2023ppp,
    author = "Williams, Michael J. and Veitch, John and Messenger, Chris",
    title = "{Importance nested sampling with normalising flows}",
    eprint = "2302.08526",
    archivePrefix = "arXiv",
    primaryClass = "astro-ph.IM",
    reportNumber = "LIGO-P2200283",
    doi = "10.1088/2632-2153/acd5aa",
    journal = "Mach. Learn. Sci. Tech.",
    volume = "4",
    number = "3",
    pages = "035011",
    year = "2023"
}

@article{KAGRA:2021duu,
    author = "Abbott, R. and others",
    collaboration = "KAGRA, VIRGO, LIGO Scientific",
    title = "{Population of Merging Compact Binaries Inferred Using Gravitational Waves through GWTC-3}",
    eprint = "2111.03634",
    archivePrefix = "arXiv",
    primaryClass = "astro-ph.HE",
    reportNumber = "LIGO-P2100239 ; Data release: https://zenodo.org/record/5655785, LIGO-P2100239",
    doi = "10.1103/PhysRevX.13.011048",
    journal = "Phys. Rev. X",
    volume = "13",
    number = "1",
    pages = "011048",
    year = "2023"
}

@article{Gupta:2017vsl,
    author = "Gupta, Toral and Majumder, Barun and Yagi, Kent and Yunes, Nicol{\'a}s",
    title = "{I-Love-Q Relations for Neutron Stars in dynamical Chern Simons Gravity}",
    eprint = "1710.07862",
    archivePrefix = "arXiv",
    primaryClass = "gr-qc",
    doi = "10.1088/1361-6382/aa9c68",
    journal = "Class. Quant. Grav.",
    volume = "35",
    number = "2",
    pages = "025009",
    year = "2018"
}

@article{Yagi:2013mbt,
    author = "Yagi, Kent and Stein, Leo C. and Yunes, Nicolas and Tanaka, Takahiro",
    title = "{Isolated and Binary Neutron Stars in Dynamical Chern-Simons Gravity}",
    eprint = "1302.1918",
    archivePrefix = "arXiv",
    primaryClass = "gr-qc",
    doi = "10.1103/PhysRevD.87.084058",
    journal = "Phys. Rev. D",
    volume = "87",
    pages = "084058",
    year = "2013",
    note = "[Erratum: Phys.Rev.D 93, 089909 (2016)]"
}

@article{Pan:2022gwf,
    author = "Pan, Zhen and Yang, Huan and Yagi, Kent",
    title = "{Repeating fast radio bursts from neutron star binaries: Multiband and multimessenger opportunities}",
    eprint = "2208.08808",
    archivePrefix = "arXiv",
    primaryClass = "astro-ph.HE",
    doi = "10.1103/PhysRevD.108.063014",
    journal = "Phys. Rev. D",
    volume = "108",
    number = "6",
    pages = "063014",
    year = "2023"
}

@article{Atta:2024ckt,
    author = "Atta, Debasis and Singh, Vinay and Basu, D. N.",
    title = "{Universal relationships for neutron stars from perturbative approach}",
    eprint = "2408.00646",
    archivePrefix = "arXiv",
    primaryClass = "nucl-th",
    doi = "10.1016/j.newast.2025.102422",
    journal = "New Astron.",
    volume = "120",
    pages = "102422",
    year = "2025"
}

@misc{hogg2010dataanalysisrecipesfitting,
      title={Data analysis recipes: Fitting a model to data}, 
      author={David W. Hogg and Jo Bovy and Dustin Lang},
      year={2010},
      eprint={1008.4686},
      archivePrefix={arXiv},
      primaryClass={astro-ph.IM},
      url={https://arxiv.org/abs/1008.4686}, 
}

@article{Fishbach:2018edt,
    author = "Fishbach, Maya and Holz, Daniel E. and Farr, Will M.",
    title = "{Does the Black Hole Merger Rate Evolve with Redshift?}",
    eprint = "1805.10270",
    archivePrefix = "arXiv",
    primaryClass = "astro-ph.HE",
    doi = "10.3847/2041-8213/aad800",
    journal = "Astrophys. J. Lett.",
    volume = "863",
    number = "2",
    pages = "L41",
    year = "2018"
}

@article{Yagi_2017,
   title={Approximate universal relations for neutron stars and quark stars},
   volume={681},
   ISSN={0370-1573},
   url={http://dx.doi.org/10.1016/j.physrep.2017.03.002},
   DOI={10.1016/j.physrep.2017.03.002},
   journal={Physics Reports},
   publisher={Elsevier BV},
   author={Yagi, Kent and Yunes, Nicolás},
   year={2017},
   month=apr, pages={1–72} }

@article{Yunes:2025xwp,
   author = "Yunes, Nicol{\'a}s and Siemens, Xavier and Yagi, Kent",
   title = "{Gravitational-wave tests of general relativity with ground-based detectors and pulsar-timing arrays}",
   doi = "10.1007/s41114-024-00054-9",
   journal = "Living Rev. Rel.",
   volume = "28",
   number = "1",
   pages = "3",
   year = "2025"
}

@article{Alexander:2009tp,
    author = "Alexander, Stephon and Yunes, Nicolas",
    title = "{Chern-Simons Modified General Relativity}",
    eprint = "0907.2562",
    archivePrefix = "arXiv",
    primaryClass = "hep-th",
    doi = "10.1016/j.physrep.2009.07.002",
    journal = "Phys. Rept.",
    volume = "480",
    pages = "1--55",
    year = "2009"
}

@article{Jackiw:2003pm,
    author = "Jackiw, R. and Pi, S. Y.",
    title = "{Chern-Simons modification of general relativity}",
    eprint = "gr-qc/0308071",
    archivePrefix = "arXiv",
    reportNumber = "MIT-CTP-3409, BUHEP-03-18",
    doi = "10.1103/PhysRevD.68.104012",
    journal = "Phys. Rev. D",
    volume = "68",
    pages = "104012",
    year = "2003"
}

@article{Smith:2007jm,
    author = "Smith, Tristan L. and Erickcek, Adrienne L. and Caldwell, Robert R. and Kamionkowski, Marc",
    title = "{The Effects of Chern-Simons gravity on bodies orbiting the Earth}",
    eprint = "0708.0001",
    archivePrefix = "arXiv",
    primaryClass = "astro-ph",
    doi = "10.1103/PhysRevD.77.024015",
    journal = "Phys. Rev. D",
    volume = "77",
    pages = "024015",
    year = "2008"
}

@article{Ali-Haimoud:2011zme,
    author = "Ali-Haimoud, Yacine and Chen, Yanbei",
    title = "{Slowly-rotating stars and black holes in dynamical Chern-Simons gravity}",
    eprint = "1110.5329",
    archivePrefix = "arXiv",
    primaryClass = "astro-ph.HE",
    doi = "10.1103/PhysRevD.84.124033",
    journal = "Phys. Rev. D",
    volume = "84",
    pages = "124033",
    year = "2011"
}

@article{Yagi:2012ya,
    author = "Yagi, Kent and Yunes, Nicolas and Tanaka, Takahiro",
    title = "{Slowly Rotating Black Holes in Dynamical Chern-Simons Gravity: Deformation Quadratic in the Spin}",
    eprint = "1206.6130",
    archivePrefix = "arXiv",
    primaryClass = "gr-qc",
    doi = "10.1103/PhysRevD.86.044037",
    journal = "Phys. Rev. D",
    volume = "86",
    pages = "044037",
    year = "2012",
    note = "[Erratum: Phys.Rev.D 89, 049902 (2014)]"
}

@article{Yagi:2011xp,
    author = "Yagi, Kent and Stein, Leo C. and Yunes, Nicol{\'a}s and Tanaka, Takahiro",
    title = "{Post-Newtonian, Quasi-Circular Binary Inspirals in Quadratic Modified Gravity}",
    eprint = "1110.5950",
    archivePrefix = "arXiv",
    primaryClass = "gr-qc",
    doi = "10.1103/PhysRevD.85.064022",
    journal = "Phys. Rev. D",
    volume = "85",
    pages = "064022",
    year = "2012",
    note = "[Erratum: Phys.Rev.D 93, 029902 (2016)]"
}

@article{Silva:2020acr,
    author = "Silva, Hector O. and Holgado, A. Miguel and C{\'a}rdenas-Avenda{\~n}o, Alejandro and Yunes, Nicol{\'a}s",
    title = "{Astrophysical and theoretical physics implications from multimessenger neutron star observations}",
    eprint = "2004.01253",
    archivePrefix = "arXiv",
    primaryClass = "gr-qc",
    doi = "10.1103/PhysRevLett.126.181101",
    journal = "Phys. Rev. Lett.",
    volume = "126",
    number = "18",
    pages = "181101",
    year = "2021"
}

@article{Lattimer:2006xb,
    author = "Lattimer, James M. and Prakash, Maddapa",
    title = "{Neutron Star Observations: Prognosis for Equation of State Constraints}",
    eprint = "astro-ph/0612440",
    archivePrefix = "arXiv",
    doi = "10.1016/j.physrep.2007.02.003",
    journal = "Phys. Rept.",
    volume = "442",
    pages = "109--165",
    year = "2007"
}

@article{Hebeler:2013nza,
    author = "Hebeler, K. and Lattimer, J. M. and Pethick, C. J. and Schwenk, A.",
    title = "{Equation of state and neutron star properties constrained by nuclear physics and observation}",
    eprint = "1303.4662",
    archivePrefix = "arXiv",
    primaryClass = "astro-ph.SR",
    doi = "10.1088/0004-637X/773/1/11",
    journal = "Astrophys. J.",
    volume = "773",
    pages = "11",
    year = "2013"
}

@article{Antoniadis:2013pzd,
    author = "Antoniadis, John and others",
    title = "{A Massive Pulsar in a Compact Relativistic Binary}",
    eprint = "1304.6875",
    archivePrefix = "arXiv",
    primaryClass = "astro-ph.HE",
    doi = "10.1126/science.1233232",
    journal = "Science",
    volume = "340",
    pages = "6131",
    year = "2013"
}

@article{Lindblom:1992ApJ,
       author = "{Lindblom, Lee}",
        title = "{Determining the Nuclear Equation of State from Neutron-Star Masses and Radii}",
      journal = "Astrophys. J.",
         year = 1992,
       volume = "398",
        pages = "569",
          doi = "10.1086/171882",
       adsurl = {https://ui.adsabs.harvard.edu/abs/1992ApJ...398..569L},
      adsnote = {Provided by the SAO/NASA Astrophysics Data System}
}

@article{Steiner:2010fz,
    author = "Steiner, Andrew W. and Lattimer, James M. and Brown, Edward F.",
    title = "{The Equation of State from Observed Masses and Radii of Neutron Stars}",
    eprint = "1005.0811",
    archivePrefix = "arXiv",
    primaryClass = "astro-ph.HE",
    doi = "10.1088/0004-637X/722/1/33",
    journal = "Astrophys. J.",
    volume = "722",
    pages = "33--54",
    year = "2010"
}

@article{Ozel:2010fw,
    author = "Ozel, Feryal and Baym, Gordon and Guver, Tolga",
    title = "{Astrophysical Measurement of the Equation of State of Neutron Star Matter}",
    eprint = "1002.3153",
    archivePrefix = "arXiv",
    primaryClass = "astro-ph.HE",
    doi = "10.1103/PhysRevD.82.101301",
    journal = "Phys. Rev. D",
    volume = "82",
    pages = "101301",
    year = "2010"
}

@article{Pang:2021jta,
    author = "Pang, Peter T. H. and Tews, Ingo and Coughlin, Michael W. and Bulla, Mattia and Van Den Broeck, Chris and Dietrich, Tim",
    title = "{Nuclear Physics Multimessenger Astrophysics Constraints on the Neutron Star Equation of State: Adding NICER{\textquoteright}s PSR J0740+6620 Measurement}",
    eprint = "2105.08688",
    archivePrefix = "arXiv",
    primaryClass = "astro-ph.HE",
    reportNumber = "LA-UR-21-20534",
    doi = "10.3847/1538-4357/ac19ab",
    journal = "Astrophys. J.",
    volume = "922",
    number = "1",
    pages = "14",
    year = "2021"
}

@article{Berti:2015itd,
    author = "Berti, Emanuele and others",
    title = "{Testing General Relativity with Present and Future Astrophysical Observations}",
    eprint = "1501.07274",
    archivePrefix = "arXiv",
    primaryClass = "gr-qc",
    doi = "10.1088/0264-9381/32/24/243001",
    journal = "Class. Quant. Grav.",
    volume = "32",
    pages = "243001",
    year = "2015"
}

@article{Hinderer:2007mb,
    author = "Hinderer, Tanja",
    title = "{Tidal Love numbers of neutron stars}",
    eprint = "0711.2420",
    archivePrefix = "arXiv",
    primaryClass = "astro-ph",
    doi = "10.1086/533487",
    journal = "Astrophys. J.",
    volume = "677",
    pages = "1216--1220",
    year = "2008",
    note = "[Erratum: Astrophys.J. 697, 964 (2009)]"
}

@article{Damour:2009vw,
    author = "Damour, Thibault and Nagar, Alessandro",
    title = "{Relativistic tidal properties of neutron stars}",
    eprint = "0906.0096",
    archivePrefix = "arXiv",
    primaryClass = "gr-qc",
    doi = "10.1103/PhysRevD.80.084035",
    journal = "Phys. Rev. D",
    volume = "80",
    pages = "084035",
    year = "2009"
}

@article{Vines:2011ud,
    author = "Vines, Justin and Flanagan, Eanna E. and Hinderer, Tanja",
    title = "{Post-1-Newtonian tidal effects in the gravitational waveform from binary inspirals}",
    eprint = "1101.1673",
    archivePrefix = "arXiv",
    primaryClass = "gr-qc",
    doi = "10.1103/PhysRevD.83.084051",
    journal = "Phys. Rev. D",
    volume = "83",
    pages = "084051",
    year = "2011"
}

@article{Favata:2013rwa,
    author = "Favata, Marc",
    title = "{Systematic parameter errors in inspiraling neutron star binaries}",
    eprint = "1310.8288",
    archivePrefix = "arXiv",
    primaryClass = "gr-qc",
    reportNumber = "LIGO-P1300191",
    doi = "10.1103/PhysRevLett.112.101101",
    journal = "Phys. Rev. Lett.",
    volume = "112",
    pages = "101101",
    year = "2014"
}

@article{Wade:2014vqa,
    author = "Wade, Leslie and Creighton, Jolien D. E. and Ochsner, Evan and Lackey, Benjamin D. and Farr, Benjamin F. and Littenberg, Tyson B. and Raymond, Vivien",
    title = "{Systematic and statistical errors in a bayesian approach to the estimation of the neutron-star equation of state using advanced gravitational wave detectors}",
    eprint = "1402.5156",
    archivePrefix = "arXiv",
    primaryClass = "gr-qc",
    doi = "10.1103/PhysRevD.89.103012",
    journal = "Phys. Rev. D",
    volume = "89",
    number = "10",
    pages = "103012",
    year = "2014"
}

@article{Baiotti:2019sew,
    author = "Baiotti, Luca",
    title = "{Gravitational waves from neutron star mergers and their relation to the nuclear equation of state}",
    eprint = "1907.08534",
    archivePrefix = "arXiv",
    primaryClass = "astro-ph.HE",
    doi = "10.1016/j.ppnp.2019.103714",
    journal = "Prog. Part. Nucl. Phys.",
    volume = "109",
    pages = "103714",
    year = "2019"
}

@article{Chatziioannou:2020pqz,
    author = "Chatziioannou, Katerina",
    title = "{Neutron star tidal deformability and equation of state constraints}",
    eprint = "2006.03168",
    archivePrefix = "arXiv",
    primaryClass = "gr-qc",
    doi = "10.1007/s10714-020-02754-3",
    journal = "Gen. Rel. Grav.",
    volume = "52",
    number = "11",
    pages = "109",
    year = "2020"
}

@article{Flanagan:2007ix,
    author = "Flanagan, Eanna E. and Hinderer, Tanja",
    title = "{Constraining neutron star tidal Love numbers with gravitational wave detectors}",
    eprint = "0709.1915",
    archivePrefix = "arXiv",
    primaryClass = "astro-ph",
    doi = "10.1103/PhysRevD.77.021502",
    journal = "Phys. Rev. D",
    volume = "77",
    pages = "021502",
    year = "2008"
}

@article{Poisson:1997ha,
    author = "Poisson, Eric",
    title = "{Gravitational waves from inspiraling compact binaries: The Quadrupole moment term}",
    eprint = "gr-qc/9709032",
    archivePrefix = "arXiv",
    doi = "10.1103/PhysRevD.57.5287",
    journal = "Phys. Rev. D",
    volume = "57",
    pages = "5287--5290",
    year = "1998"
}

@article{Harry:2018hke,
    author = "Harry, Ian and Hinderer, Tanja",
    title = "{Observing and measuring the neutron-star equation-of-state in spinning binary neutron star systems}",
    eprint = "1801.09972",
    archivePrefix = "arXiv",
    primaryClass = "gr-qc",
    doi = "10.1088/1361-6382/aac7e3",
    journal = "Class. Quant. Grav.",
    volume = "35",
    number = "14",
    pages = "145010",
    year = "2018"
}

@article{Samajdar:2019ulq,
    author = "Samajdar, Anuradha and Dietrich, Tim",
    title = "{Waveform systematics for binary neutron star gravitational wave signals: Effects of spin, precession, and the observation of electromagnetic counterparts}",
    eprint = "1905.03118",
    archivePrefix = "arXiv",
    primaryClass = "gr-qc",
    doi = "10.1103/PhysRevD.100.024046",
    journal = "Phys. Rev. D",
    volume = "100",
    number = "2",
    pages = "024046",
    year = "2019"
}

@article{Agathos:2015uaa,
    author = "Agathos, Michalis and Meidam, Jeroen and Del Pozzo, Walter and Li, Tjonnie G. F. and Tompitak, Marco and Veitch, John and Vitale, Salvatore and Van Den Broeck, Chris",
    title = "{Constraining the neutron star equation of state with gravitational wave signals from coalescing binary neutron stars}",
    eprint = "1503.05405",
    archivePrefix = "arXiv",
    primaryClass = "gr-qc",
    doi = "10.1103/PhysRevD.92.023012",
    journal = "Phys. Rev. D",
    volume = "92",
    number = "2",
    pages = "023012",
    year = "2015"
}

@article{Krishnendu:2017shb,
    author = "Krishnendu, N. V. and Arun, K. G. and Mishra, Chandra Kant",
    title = "{Testing the binary black hole nature of a compact binary coalescence}",
    eprint = "1701.06318",
    archivePrefix = "arXiv",
    primaryClass = "gr-qc",
    doi = "10.1103/PhysRevLett.119.091101",
    journal = "Phys. Rev. Lett.",
    volume = "119",
    number = "9",
    pages = "091101",
    year = "2017"
}

@article{Krishnendu:2019tjp,
    author = "Krishnendu, N. V. and Saleem, M. and Samajdar, A. and Arun, K. G. and Del Pozzo, W. and Mishra, Chandra Kant",
    title = "{Constraints on the binary black hole nature of GW151226 and GW170608 from the measurement of spin-induced quadrupole moments}",
    eprint = "1908.02247",
    archivePrefix = "arXiv",
    primaryClass = "gr-qc",
    doi = "10.1103/PhysRevD.100.104019",
    journal = "Phys. Rev. D",
    volume = "100",
    number = "10",
    pages = "104019",
    year = "2019"
}

@article{Lyu:2023zxv,
    author = "Lyu, Zhenwei and LaHaye, Michael and Yang, Huan and Bonga, B{\'e}atrice",
    title = "{Probing spin-induced quadrupole moments in precessing compact binaries}",
    eprint = "2308.09032",
    archivePrefix = "arXiv",
    primaryClass = "gr-qc",
    reportNumber = "LIGO-P2300223",
    doi = "10.1103/PhysRevD.109.064081",
    journal = "Phys. Rev. D",
    volume = "109",
    number = "6",
    pages = "064081",
    year = "2024"
}

@article{Laarakkers:1997hb,
    author = "Laarakkers, William G. and Poisson, Eric",
    title = "{Quadrupole moments of rotating neutron stars}",
    eprint = "gr-qc/9709033",
    archivePrefix = "arXiv",
    doi = "10.1086/306732",
    journal = "Astrophys. J.",
    volume = "512",
    pages = "282--287",
    year = "1999"
}

@article{Hartle:1968,
       author = "Hartle, James B. and Thorne, Kip S.",
        title = "{Slowly Rotating Relativistic Stars. II. Models for Neutron Stars and Supermassive Stars}",
      journal = "Astrophys. J.",
         year = 1968,
       volume = "153",
        pages = "807",
          doi = "10.1086/149707",
       adsurl = {https://ui.adsabs.harvard.edu/abs/1968ApJ...153..807H},
      adsnote = {Provided by the SAO/NASA Astrophysics Data System}
}

@article{LIGOScientific:2017zlf,
    author = "Abbott, Benjamin P. and others",
    collaboration = "LIGO Scientific, Virgo",
    title = "{GW170817: Implications for the Stochastic Gravitational-Wave Background from Compact Binary Coalescences}",
    eprint = "1710.05837",
    archivePrefix = "arXiv",
    primaryClass = "gr-qc",
    reportNumber = "LIGO-P1700272",
    doi = "10.1103/PhysRevLett.120.091101",
    journal = "Phys. Rev. Lett.",
    volume = "120",
    number = "9",
    pages = "091101",
    year = "2018"
}

@article{Sathyaprakash:2019yqt,
    author = "Sathyaprakash, B. S. and others",
    title = "{Extreme Gravity and Fundamental Physics}",
    eprint = "1903.09221",
    archivePrefix = "arXiv",
    primaryClass = "astro-ph.HE",
    month = "3",
    year = "2019"
}

@article{Kalogera:2021bya,
    author = "Kalogera, Vicky and others",
    title = "{The Next Generation Global Gravitational Wave Observatory: The Science Book}",
    eprint = "2111.06990",
    archivePrefix = "arXiv",
    primaryClass = "gr-qc",
    month = "11",
    year = "2021"
}

@article{Samajdar:2021egv,
    author = "Samajdar, Anuradha and Janquart, Justin and Van Den Broeck, Chris and Dietrich, Tim",
    title = "{Biases in parameter estimation from overlapping gravitational-wave signals in the third-generation detector era}",
    eprint = "2102.07544",
    archivePrefix = "arXiv",
    primaryClass = "gr-qc",
    doi = "10.1103/PhysRevD.104.044003",
    journal = "Phys. Rev. D",
    volume = "104",
    number = "4",
    pages = "044003",
    year = "2021"
}

@article{Mandel:2009pc,
    author = "Mandel, Ilya",
    title = "{Parameter estimation on gravitational waves from multiple coalescing binaries}",
    eprint = "0912.5531",
    archivePrefix = "arXiv",
    primaryClass = "astro-ph.HE",
    doi = "10.1103/PhysRevD.81.084029",
    journal = "Phys. Rev. D",
    volume = "81",
    pages = "084029",
    year = "2010"
}

@article{Mandel:2009nx,
    author = "Mandel, Ilya and O'Shaughnessy, Richard",
    editor = "Husa, Sascha and Krishnan, Badri",
    title = "{Compact Binary Coalescences in the Band of Ground-based Gravitational-Wave Detectors}",
    eprint = "0912.1074",
    archivePrefix = "arXiv",
    primaryClass = "astro-ph.HE",
    doi = "10.1088/0264-9381/27/11/114007",
    journal = "Class. Quant. Grav.",
    volume = "27",
    pages = "114007",
    year = "2010"
}

@article{Adams:2012qw,
    author = "Adams, Matthew R. and Cornish, Neil J. and Littenberg, Tyson B.",
    title = "{Astrophysical Model Selection in Gravitational Wave Astronomy}",
    eprint = "1209.6286",
    archivePrefix = "arXiv",
    primaryClass = "gr-qc",
    doi = "10.1103/PhysRevD.86.124032",
    journal = "Phys. Rev. D",
    volume = "86",
    pages = "124032",
    year = "2012"
}

@article{Mandel:2018mve,
    author = "Mandel, Ilya and Farr, Will M. and Gair, Jonathan R.",
    title = "{Extracting distribution parameters from multiple uncertain observations with selection biases}",
    eprint = "1809.02063",
    archivePrefix = "arXiv",
    primaryClass = "physics.data-an",
    doi = "10.1093/mnras/stz896",
    journal = "Mon. Not. Roy. Astron. Soc.",
    volume = "486",
    number = "1",
    pages = "1086--1093",
    year = "2019"
}

@article{Thrane_2019,
   title="An introduction to Bayesian inference in gravitational-wave astronomy: Parameter estimation, model selection, and hierarchical models",
   volume="36",
   ISSN="1448-6083",
   url="http://dx.doi.org/10.1017/pasa.2019.2",
   DOI="10.1017/pasa.2019.2",
   journal="Publications of the Astronomical Society of Australia",
   publisher="Cambridge University Press (CUP)",
   author="Thrane, Eric and Talbot, Colm",
   year="2019" 
}

@book{Polchinski:1998rq,
   author = "Polchinski, J.",
   title = "{String theory. Vol. 1: An introduction to the bosonic string}",
   doi = "10.1017/CBO9780511816079",
   isbn = "978-0-511-25227-3, 978-0-521-67227-6, 978-0-521-63303-1",
   publisher = "Cambridge University Press",
   series = "Cambridge Monographs on Mathematical Physics",
   month = "12",
   year = "2007"
}

@book{Polchinski:1998rr,
    author = "Polchinski, J.",
    title = "{String theory. Vol. 2: Superstring theory and beyond}",
    doi = "10.1017/CBO9780511618123",
    isbn = "978-0-511-25228-0, 978-0-521-63304-8, 978-0-521-67228-3",
    publisher = "Cambridge University Press",
    series = "Cambridge Monographs on Mathematical Physics",
    month = "12",
    year = "2007"
}

@article{Alexander:2004xd,
    author = "Alexander, Stephon H. S. and Gates, Jr., S. James",
    title = "{Can the string scale be related to the cosmic baryon asymmetry?}",
    eprint = "hep-th/0409014",
    archivePrefix = "arXiv",
    reportNumber = "SLAC-PUB-10688, UMDEPP-05-014",
    doi = "10.1088/1475-7516/2006/06/018",
    journal = "JCAP",
    volume = "06",
    pages = "018",
    year = "2006"
}

@article{Taveras:2008yf,
    author = "Taveras, Victor and Yunes, Nicolas",
    title = "{The Barbero-Immirzi Parameter as a Scalar Field: K-Inflation from Loop Quantum Gravity?}",
    eprint = "0807.2652",
    archivePrefix = "arXiv",
    primaryClass = "gr-qc",
    reportNumber = "IGC-08-7-1",
    doi = "10.1103/PhysRevD.78.064070",
    journal = "Phys. Rev. D",
    volume = "78",
    pages = "064070",
    year = "2008"
}

@article{Calcagni:2009xz,
    author = "Calcagni, Gianluca and Mercuri, Simone",
    title = "{The Barbero-Immirzi field in canonical formalism of pure gravity}",
    eprint = "0902.0957",
    archivePrefix = "arXiv",
    primaryClass = "gr-qc",
    reportNumber = "IGC-09-2-1",
    doi = "10.1103/PhysRevD.79.084004",
    journal = "Phys. Rev. D",
    volume = "79",
    pages = "084004",
    year = "2009"
}

@article{Weinberg:2008hq,
    author = "Weinberg, Steven",
    title = "{Effective Field Theory for Inflation}",
    eprint = "0804.4291",
    archivePrefix = "arXiv",
    primaryClass = "hep-th",
    reportNumber = "UTTG-01-08",
    doi = "10.1103/PhysRevD.77.123541",
    journal = "Phys. Rev. D",
    volume = "77",
    pages = "123541",
    year = "2008"
}

@article{Ozel:2010bz,
    author = "Ozel, Feryal and Psaltis, Dimitrios and Ransom, Scott and Demorest, Paul and Alford, Mark",
    title = "{The Massive Pulsar PSR J1614-2230: Linking Quantum Chromodynamics, Gamma-ray Bursts, and Gravitational Wave Astronomy}",
    eprint = "1010.5790",
    archivePrefix = "arXiv",
    primaryClass = "astro-ph.HE",
    doi = "10.1088/2041-8205/724/2/L199",
    journal = "Astrophys. J. Lett.",
    volume = "724",
    pages = "L199--L202",
    year = "2010"
}

@article{Ozel_2013,
    doi = "10.1088/0034-4885/76/1/016901",
    url = "https://dx.doi.org/10.1088/0034-4885/76/1/016901",
    year = "2012",
    month = "dec",
    publisher = "IOP Publishing",
    volume = "76",
    number = "1",
    pages = "016901",
    author = "Özel, Feryal",
    title = "Surface emission from neutron stars and implications for the physics of their interiors",
    journal = "Reports on Progress in Physics",
}

@article{Guver:2013xa,
    author = "Guver, Tolga and Ozel, Feryal",
    title = "{The mass and the radius of the neutron star in the transient low mass X-ray binary SAX J1748.9-2021}",
    eprint = "1301.0831",
    archivePrefix = "arXiv",
    primaryClass = "astro-ph.HE",
    doi = "10.1088/2041-8205/765/1/L1",
    journal = "Astrophys. J. Lett.",
    volume = "765",
    pages = "L1",
    year = "2013"
}

@article{LIGOScientific:2025pvj,
    author = "Abac, A. G. and others",
    collaboration = "LIGO Scientific, VIRGO, KAGRA",
    title = "{GWTC-4.0: Population Properties of Merging Compact Binaries}",
    eprint = "2508.18083",
    archivePrefix = "arXiv",
    primaryClass = "astro-ph.HE",
    reportNumber = "LIGO-P2400004",
    month = "8",
    year = "2025"
}

@article{Yunes:2009hc,
    author = "Yunes, Nicolas and Pretorius, Frans",
    title = "{Dynamical Chern-Simons Modified Gravity. I. Spinning Black Holes in the Slow-Rotation Approximation}",
    eprint = "0902.4669",
    archivePrefix = "arXiv",
    primaryClass = "gr-qc",
    doi = "10.1103/PhysRevD.79.084043",
    journal = "Phys. Rev. D",
    volume = "79",
    pages = "084043",
    year = "2009"
}

@article{Williamson:2017evr,
    author = "Williamson, A. R. and Lange, J. and O'Shaughnessy, R. and Clark, J. A. and Kumar, Prayush and Calder{\'o}n Bustillo, J. and Veitch, J.",
    title = "{Systematic challenges for future gravitational wave measurements of precessing binary black holes}",
    eprint = "1709.03095",
    archivePrefix = "arXiv",
    primaryClass = "gr-qc",
    reportNumber = "LIGO-P1700181",
    doi = "10.1103/PhysRevD.96.124041",
    journal = "Phys. Rev. D",
    volume = "96",
    number = "12",
    pages = "124041",
    year = "2017"
}

@article{Purrer:2019jcp,
    author = {P{\"u}rrer, Michael and Haster, Carl-Johan},
    title = "{Gravitational waveform accuracy requirements for future ground-based detectors}",
    eprint = "1912.10055",
    archivePrefix = "arXiv",
    primaryClass = "gr-qc",
    doi = "10.1103/PhysRevResearch.2.023151",
    journal = "Phys. Rev. Res.",
    volume = "2",
    number = "2",
    pages = "023151",
    year = "2020"
}

@article{Gamba:2020wgg,
    author = "Gamba, Rossella and Breschi, Matteo and Bernuzzi, Sebastiano and Agathos, Michalis and Nagar, Alessandro",
    title = "{Waveform systematics in the gravitational-wave inference of tidal parameters and equation of state from binary neutron star signals}",
    eprint = "2009.08467",
    archivePrefix = "arXiv",
    primaryClass = "gr-qc",
    doi = "10.1103/PhysRevD.103.124015",
    journal = "Phys. Rev. D",
    volume = "103",
    number = "12",
    pages = "124015",
    year = "2021"
}

@article{Pizzati:2021apa,
    author = "Pizzati, Elia and Sachdev, Surabhi and Gupta, Anuradha and Sathyaprakash, Bangalore",
    title = "{Toward inference of overlapping gravitational-wave signals}",
    eprint = "2102.07692",
    archivePrefix = "arXiv",
    primaryClass = "gr-qc",
    doi = "10.1103/PhysRevD.105.104016",
    journal = "Phys. Rev. D",
    volume = "105",
    number = "10",
    pages = "104016",
    year = "2022"
}

@article{Hu:2022bji,
    author = "Hu, Qian and Veitch, John",
    title = "{Accumulating Errors in Tests of General Relativity with Gravitational Waves: Overlapping Signals and Inaccurate Waveforms}",
    eprint = "2210.04769",
    archivePrefix = "arXiv",
    primaryClass = "gr-qc",
    reportNumber = "ET-0211A-22",
    doi = "10.3847/1538-4357/acbc18",
    journal = "Astrophys. J.",
    volume = "945",
    number = "2",
    pages = "103",
    year = "2023"
}

@article{Wang:2023ldq,
    author = "Wang, Ziming and Liang, Dicong and Zhao, Junjie and Liu, Chang and Shao, Lijing",
    title = "{Anatomy of parameter-estimation biases in overlapping gravitational-wave signals}",
    eprint = "2304.06734",
    archivePrefix = "arXiv",
    primaryClass = "astro-ph.IM",
    doi = "10.1088/1361-6382/ad210b",
    journal = "Class. Quant. Grav.",
    volume = "41",
    number = "5",
    pages = "055011",
    year = "2024"
}

@article{Saffer:2021gak,
    author = "Saffer, Alexander and Yagi, Kent",
    title = "{Tidal deformabilities of neutron stars in scalar-Gauss-Bonnet gravity and their applications to multimessenger tests of gravity}",
    eprint = "2110.02997",
    archivePrefix = "arXiv",
    primaryClass = "gr-qc",
    doi = "10.1103/PhysRevD.104.124052",
    journal = "Phys. Rev. D",
    volume = "104",
    number = "12",
    pages = "124052",
    year = "2021"
}

@article{PhysRevC.58.1804,
  title = {Equation of state of nucleon matter and neutron star structure},
  author = {Akmal, A. and Pandharipande, V. R. and Ravenhall, D. G.},
  journal = {Phys. Rev. C},
  volume = {58},
  issue = {3},
  pages = {1804--1828},
  numpages = {0},
  year = {1998},
  month = {Sep},
  publisher = {American Physical Society},
  doi = {10.1103/PhysRevC.58.1804},
  url = {https://link.aps.org/doi/10.1103/PhysRevC.58.1804}
}

@article{Landry:2020vaw,
    author = "Landry, Philippe and Essick, Reed and Chatziioannou, Katerina",
    title = "{Nonparametric constraints on neutron star matter with existing and upcoming gravitational wave and pulsar observations}",
    eprint = "2003.04880",
    archivePrefix = "arXiv",
    primaryClass = "astro-ph.HE",
    doi = "10.1103/PhysRevD.101.123007",
    journal = "Phys. Rev. D",
    volume = "101",
    number = "12",
    pages = "123007",
    year = "2020"
}

@article{Pang:2020ilf,
    author = "Pang, Peter T. H. and Dietrich, Tim and Tews, Ingo and Van Den Broeck, Chris",
    title = "{Parameter estimation for strong phase transitions in supranuclear matter using gravitational-wave astronomy}",
    eprint = "2006.14936",
    archivePrefix = "arXiv",
    primaryClass = "astro-ph.HE",
    reportNumber = "LA-UR-20-24019",
    doi = "10.1103/PhysRevResearch.2.033514",
    journal = "Phys. Rev. Res.",
    volume = "2",
    number = "3",
    pages = "033514",
    year = "2020"
}

@article{Finstad:2022oni,
    author = "Finstad, Daniel and White, Laurel V. and Brown, Duncan A.",
    title = "{Prospects for a Precise Equation of State Measurement from Advanced LIGO and Cosmic Explorer}",
    eprint = "2211.01396",
    archivePrefix = "arXiv",
    primaryClass = "astro-ph.HE",
    doi = "10.3847/1538-4357/acf12f",
    journal = "Astrophys. J.",
    volume = "955",
    number = "1",
    pages = "45",
    year = "2023"
}

@article{Bandopadhyay:2024zrr,
    author = "Bandopadhyay, Ananya and Kacanja, Keisi and Somasundaram, Rahul and Nitz, Alexander H. and Brown, Duncan A.",
    title = "{Measuring neutron star radius with second and third generation gravitational wave detector networks}",
    eprint = "2402.05056",
    archivePrefix = "arXiv",
    primaryClass = "astro-ph.HE",
    reportNumber = "LA-UR-24-21031",
    doi = "10.1088/1361-6382/ad828a",
    journal = "Class. Quant. Grav.",
    volume = "41",
    number = "22",
    pages = "225003",
    year = "2024"
}

@article{Hu:2025gab,
    author = "Hu, Zexin and Gao, Yong and Shao, Lijing",
    title = "{Linear analysis of I-C-Love universal relations for neutron stars}",
    eprint = "2505.13110",
    archivePrefix = "arXiv",
    primaryClass = "gr-qc",
    month = "5",
    year = "2025"
}

@article{Gao:2023mwu,
    author = "Gao, Yong and Shao, Lijing and Steinhoff, Jan",
    title = "{A Tight Universal Relation between the Shape Eccentricity and the Moment of Inertia for Rotating Neutron Stars}",
    eprint = "2303.14130",
    archivePrefix = "arXiv",
    primaryClass = "astro-ph.HE",
    doi = "10.3847/1538-4357/ace776",
    journal = "Astrophys. J.",
    volume = "954",
    number = "1",
    pages = "16",
    year = "2023"
}

@article{Pani:2015nua,
    author = "Pani, Paolo and Gualtieri, Leonardo and Ferrari, Valeria",
    title = "{Tidal Love numbers of a slowly spinning neutron star}",
    eprint = "1509.02171",
    archivePrefix = "arXiv",
    primaryClass = "gr-qc",
    doi = "10.1103/PhysRevD.92.124003",
    journal = "Phys. Rev. D",
    volume = "92",
    number = "12",
    pages = "124003",
    year = "2015"
}

@article{Yagi:2013sva,
    author = "Yagi, Kent",
    title = "{Multipole Love Relations}",
    eprint = "1311.0872",
    archivePrefix = "arXiv",
    primaryClass = "gr-qc",
    doi = "10.1103/PhysRevD.89.043011",
    journal = "Phys. Rev. D",
    volume = "89",
    number = "4",
    pages = "043011",
    year = "2014",
    note = "[Erratum: Phys.Rev.D 96, 129904 (2017), Erratum: Phys.Rev.D 97, 129901 (2018)]"
}

@article{Yagi:2016qmr,
    author = "Yagi, Kent and Yunes, Nicolas",
    title = "{Approximate Universal Relations among Tidal Parameters for Neutron Star Binaries}",
    eprint = "1608.06187",
    archivePrefix = "arXiv",
    primaryClass = "gr-qc",
    doi = "10.1088/1361-6382/34/1/015006",
    journal = "Class. Quant. Grav.",
    volume = "34",
    number = "1",
    pages = "015006",
    year = "2017"
}

@article{Lau:2009bu,
    author = "Lau, H. K. and Leung, P. T. and Lin, L. M.",
    title = "{Inferring physical parameters of compact stars from their f-mode gravitational wave signals}",
    eprint = "0911.0131",
    archivePrefix = "arXiv",
    primaryClass = "gr-qc",
    doi = "10.1088/0004-637X/714/2/1234",
    journal = "Astrophys. J.",
    volume = "714",
    pages = "1234--1238",
    year = "2010"
}

@article{Maselli:2013mva,
    author = "Maselli, Andrea and Cardoso, Vitor and Ferrari, Valeria and Gualtieri, Leonardo and Pani, Paolo",
    title = "{Equation-of-state-independent relations in neutron stars}",
    eprint = "1304.2052",
    archivePrefix = "arXiv",
    primaryClass = "gr-qc",
    doi = "10.1103/PhysRevD.88.023007",
    journal = "Phys. Rev. D",
    volume = "88",
    number = "2",
    pages = "023007",
    year = "2013"
}

@article{Shao:2017gwu,
    author = "Shao, Lijing and Sennett, Noah and Buonanno, Alessandra and Kramer, Michael and Wex, Norbert",
    title = "{Constraining nonperturbative strong-field effects in scalar-tensor gravity by combining pulsar timing and laser-interferometer gravitational-wave detectors}",
    eprint = "1704.07561",
    archivePrefix = "arXiv",
    primaryClass = "gr-qc",
    reportNumber = "LIGO-P1700073",
    doi = "10.1103/PhysRevX.7.041025",
    journal = "Phys. Rev. X",
    volume = "7",
    number = "4",
    pages = "041025",
    year = "2017"
}

@article{Akmal:1998cf,
    author = "Akmal, A. and Pandharipande, V. R. and Ravenhall, D. G.",
    title = "{The Equation of state of nucleon matter and neutron star structure}",
    eprint = "nucl-th/9804027",
    archivePrefix = "arXiv",
    doi = "10.1103/PhysRevC.58.1804",
    journal = "Phys. Rev. C",
    volume = "58",
    pages = "1804--1828",
    year = "1998"
}

@article{Demorest:2010bx,
    author = "Demorest, Paul and Pennucci, Tim and Ransom, Scott and Roberts, Mallory and Hessels, Jason",
    title = "{Shapiro Delay Measurement of A Two Solar Mass Neutron Star}",
    eprint = "1010.5788",
    archivePrefix = "arXiv",
    primaryClass = "astro-ph.HE",
    doi = "10.1038/nature09466",
    journal = "Nature",
    volume = "467",
    pages = "1081--1083",
    year = "2010"
}

@article{Li:2020wbw,
    author = "Li, Ang and Miao, Zhi-Qiang and Jiang, Jin-Liang and Tang, Shao-Peng and Xu, Ren-Xin",
    title = "{Bayesian inference of quark star equation of state using the NICER PSR J0030+0451 data}",
    eprint = "2009.12571",
    archivePrefix = "arXiv",
    primaryClass = "astro-ph.HE",
    doi = "10.1093/mnras/stab2029",
    journal = "Mon. Not. Roy. Astron. Soc.",
    volume = "506",
    number = "4",
    pages = "5916--5922",
    year = "2021"
}

@article{Dong:2023vxv,
    author = "Dong, Yiming and Hu, Zexin and Xu, Rui and Shao, Lijing",
    title = "{Moment of inertia for axisymmetric neutron stars in the standard model extension}",
    eprint = "2309.02871",
    archivePrefix = "arXiv",
    primaryClass = "gr-qc",
    doi = "10.1103/PhysRevD.108.104039",
    journal = "Phys. Rev. D",
    volume = "108",
    number = "10",
    pages = "104039",
    year = "2023"
}

@article{NANOGrav:2019jur,
    author = "Cromartie, H. T. and others",
    collaboration = "NANOGrav",
    title = "{Relativistic Shapiro delay measurements of an extremely massive millisecond pulsar}",
    eprint = "1904.06759",
    archivePrefix = "arXiv",
    primaryClass = "astro-ph.HE",
    doi = "10.1038/s41550-019-0880-2",
    journal = "Nature Astron.",
    volume = "4",
    number = "1",
    pages = "72--76",
    year = "2019"
}

@article{Ozel:2016oaf,
    author = {{\"O}zel, Feryal and Freire, Paulo},
    title = "{Masses, Radii, and the Equation of State of Neutron Stars}",
    eprint = "1603.02698",
    archivePrefix = "arXiv",
    primaryClass = "astro-ph.HE",
    doi = "10.1146/annurev-astro-081915-023322",
    journal = "Ann. Rev. Astron. Astrophys.",
    volume = "54",
    pages = "401--440",
    year = "2016"
}

@article{Hu:2021tyw,
    author = "Hu, Zexin and Gao, Yong and Xu, Rui and Shao, Lijing",
    title = "{Scalarized neutron stars in massive scalar-tensor gravity: X-ray pulsars and tidal deformability}",
    eprint = "2109.13453",
    archivePrefix = "arXiv",
    primaryClass = "gr-qc",
    doi = "10.1103/PhysRevD.104.104014",
    journal = "Phys. Rev. D",
    volume = "104",
    number = "10",
    pages = "104014",
    year = "2021",
    note = "[Erratum: Phys.Rev.D 111, 109903 (2025)]"
}